<record><leader>00000cas a22000007a 4500</leader><controlfield tag="001">8787166</controlfield><controlfield tag="008">820918d18411843deuir ne      0    0eng  </controlfield><controlfield tag="009">466</controlfield><datafield ind1=" " ind2=" " tag="010"><subfield code="a">sn 82014718 </subfield></datafield><datafield ind1=" " ind2=" " tag="040"><subfield code="a">DLC</subfield><subfield code="b">eng</subfield><subfield code="c">DLC</subfield><subfield code="d">DEX</subfield></datafield><datafield ind1="1" ind2=" " tag="029"><subfield code="a">AU@</subfield><subfield code="b">000025821516</subfield></datafield><datafield ind1=" " ind2=" " tag="042"><subfield code="a">msc</subfield></datafield><datafield ind1="0" ind2="0" tag="050"><subfield code="a">Newspaper 7282</subfield></datafield><datafield ind1="0" ind2="0" tag="245"><subfield code="a">Delaware Republican, and farmers', manufacturers' and mechanics' advocate.</subfield></datafield><datafield ind1=" " ind2=" " tag="260"><subfield code="a">Wilmington, Del. :</subfield><subfield code="b">H.H. Cannon,</subfield><subfield code="c">1841-</subfield></datafield><datafield ind1=" " ind2=" " tag="300"><subfield code="a">v. ;</subfield><subfield code="c">52 cm.</subfield></datafield><datafield ind1=" " ind2=" " tag="310"><subfield code="a">Triweekly</subfield></datafield><datafield ind1="0" ind2=" " tag="362"><subfield code="a">Vol. 2, no. 3 (May 11, 1841)-</subfield></datafield><datafield ind1="1" ind2=" " tag="362"><subfield code="a">Ceased in 1843?</subfield></datafield><datafield ind1=" " ind2=" " tag="752"><subfield code="a">United States</subfield><subfield code="b">Delaware</subfield><subfield code="c">New Castle</subfield><subfield code="d">Wilmington.</subfield></datafield><datafield ind1="0" ind2=" " tag="775"><subfield code="t">Delaware weekly Republican</subfield><subfield code="w">(DLC)sn 84020401</subfield></datafield><datafield ind1="0" ind2="4" tag="780"><subfield code="t">Democratic free press and farmers', manufacturers' and mechanics' advocate (Wilmington, Del. : 1840 : Triweekly)</subfield><subfield code="w">(DLC)sn 87062248</subfield></datafield><datafield ind1="0" ind2="4" tag="780"><subfield code="t">American Republican</subfield><subfield code="w">(DLC)sn 84020421</subfield></datafield><datafield ind1="0" ind2="0" tag="785"><subfield code="t">Delaware Republican (Wilmington, Del.)</subfield><subfield code="w">(DLC)sn 87062253</subfield></datafield></record>